@incollection{lax_milgram_1954,
  author    = {Lax, Peter D. and Milgram, Arthur N.},
  title     = {Parabolic Equations},
  booktitle = {Contributions to the Theory of Partial Differential Equations},
  series    = {Annals of Mathematics Studies},
  volume    = {33},
  pages     = {167--190},
  publisher = {Princeton University Press},
  year      = {1954}
}

@misc{Curry2018,
  author       = {Charles Curry},
  title        = {{TMA4212 Part 2: Introduction to Finite Element Methods}},
  year         = {2018},
  howpublished = {Lecture notes, Norwegian University of Science and Technology},
  url          = {https://www.math.ntnu.no/emner/TMA4212/2019v/notes/master2.pdf}
}
@book{ciarlet1978finite,
  title     = {The Finite Element Method for Elliptic Problems},
  author    = {Ciarlet, P.G.},
  year      = {1978},
  publisher = {North-Holland},
  address   = {Amsterdam}
}

@book{brenner2008mathematical,
  title     = {The Mathematical Theory of Finite Element Methods},
  author    = {Brenner, Susanne C. and Scott, L. Ridgway},
  year      = {2008},
  publisher = {Springer},
  edition   = {3rd},
  series    = {Texts in Applied Mathematics}
}

@misc{curry2018finite,
  title     = {TMA4212 Part 2: Introduction to Finite Element Methods},
  author    = {Curry, Charles},
  year      = {2018},
  note      = {Lecture notes}
}

@book{hinze2009optimization,
  title     = {Optimization with PDE Constraints},
  author    = {Hinze, Michael and Pinnau, Roland and Ulbrich, Michael and Ulbrich, Stefan},
  year      = {2009},
  publisher = {Springer},
  address   = {Berlin}
}

@book{quarteroni2009numerical,
  title     = {Numerical Mathematics},
  author    = {Quarteroni, Alfio and Sacco, Roberto and Saleri, Fausto},
  year      = {2009},
  publisher = {Springer},
  address   = {Berlin},
  edition   = {2nd}
}
